<record><leader>00000cas a2200000 a 4500</leader><controlfield tag="001">31899053</controlfield><controlfield tag="008">950127d1uuu19uuilucr ne      0   a0eng c</controlfield><datafield ind1=" " ind2=" " tag="010"><subfield code="a">sn 95066048 </subfield></datafield><datafield ind1=" " ind2=" " tag="040"><subfield code="a">NVF</subfield><subfield code="b">eng</subfield><subfield code="c">NVF</subfield><subfield code="d">OCLCQ</subfield><subfield code="d">NVF</subfield><subfield code="d">OCLCF</subfield><subfield code="d">OCLCO</subfield><subfield code="d">NVF</subfield></datafield><datafield ind1=" " ind2=" " tag="042"><subfield code="a">pcc</subfield></datafield><datafield ind1=" " ind2=" " tag="043"><subfield code="a">n-us-il</subfield></datafield><datafield ind1="0" ind2="4" tag="245"><subfield code="a">The Semi-weekly register-gazette.</subfield></datafield><datafield ind1="1" ind2="7" tag="246"><subfield code="a">Rockford semi-weekly register-gazette</subfield><subfield code="f">&lt;Sept. 20, 1901&gt;</subfield></datafield><datafield ind1="3" ind2=" " tag="246"><subfield code="a">Semiweekly register-gazette</subfield></datafield><datafield ind1="3" ind2=" " tag="246"><subfield code="a">Rockford semiweekly register-gazette</subfield></datafield><datafield ind1=" " ind2=" " tag="260"><subfield code="a">Rockford, Ill. :</subfield><subfield code="b">[publisher not identified]</subfield></datafield><datafield ind1=" " ind2=" " tag="300"><subfield code="a">volumes</subfield></datafield><datafield ind1=" " ind2=" " tag="310"><subfield code="a">Semiweekly</subfield></datafield><datafield ind1=" " ind2=" " tag="580"><subfield code="a">Daily ed.: Rockford daily register-gazette, &lt;1901&gt;.</subfield></datafield><datafield ind1=" " ind2=" " tag="588"><subfield code="a">Description based on: Sept. 20, 1901.</subfield></datafield><datafield ind1=" " ind2=" " tag="588"><subfield code="a">Latest issue consulted: Sept. 20, 1901.</subfield></datafield><datafield ind1=" " ind2="0" tag="651"><subfield code="a">Rockford (Ill.)</subfield><subfield code="v">Newspapers.</subfield></datafield><datafield ind1=" " ind2="7" tag="651"><subfield code="a">Illinois</subfield><subfield code="z">Rockford.</subfield><subfield code="2">fast</subfield><subfield code="0">(OCoLC)fst01208839</subfield></datafield><datafield ind1=" " ind2="7" tag="655"><subfield code="a">Newspapers.</subfield><subfield code="2">fast</subfield><subfield code="0">(OCoLC)fst01423814</subfield></datafield><datafield ind1=" " ind2=" " tag="752"><subfield code="a">United States</subfield><subfield code="b">Illinois</subfield><subfield code="c">Winnebago County</subfield><subfield code="d">Rockford.</subfield></datafield><datafield ind1="1" ind2=" " tag="775"><subfield code="t">Rockford daily register-gazette</subfield><subfield code="w">(DLC)sn 82014326</subfield><subfield code="w">(OCoLC)8773395</subfield></datafield><datafield ind1="1" ind2=" " tag="029"><subfield code="a">AU@</subfield><subfield code="b">000011526871</subfield></datafield></record>